<?xml version="1.0" encoding="UTF-8"?>
  <record xmlns="http://www.loc.gov/MARC21/slim" type="Authority">
    <leader>00000nz  a2200000nc 4500</leader>
    <controlfield tag="001">040214419</controlfield>
    <controlfield tag="003">DE-101</controlfield>
    <controlfield tag="005">20210817182117.0</controlfield>
    <controlfield tag="008">880701n||azznnaabn           | ana    |c</controlfield>
    <datafield tag="024" ind1="7" ind2=" ">
      <subfield code="a">4021441-2</subfield>
      <subfield code="0">http://d-nb.info/gnd/4021441-2</subfield>
      <subfield code="2">gnd</subfield>
    </datafield>
    <datafield tag="024" ind1="7" ind2=" ">
      <subfield code="a">2918987</subfield>
      <subfield code="2">geonames</subfield>
    </datafield>
    <datafield tag="034" ind1=" " ind2=" ">
      <subfield code="d">E 014 59 18</subfield>
      <subfield code="e">E 014 59 18</subfield>
      <subfield code="f">N 051 09 18</subfield>
      <subfield code="g">N 051 09 18</subfield>
      <subfield code="2">geonames</subfield>
      <subfield code="0">https://sws.geonames.org/2918987</subfield>
      <subfield code="9">A:agx</subfield>
    </datafield>
    <datafield tag="034" ind1=" " ind2=" ">
      <subfield code="d">E014.988333</subfield>
      <subfield code="e">E014.988333</subfield>
      <subfield code="f">N051.155000</subfield>
      <subfield code="g">N051.155000</subfield>
      <subfield code="2">geonames</subfield>
      <subfield code="0">https://sws.geonames.org/2918987</subfield>
      <subfield code="9">A:dgx</subfield>
    </datafield>
    <datafield tag="035" ind1=" " ind2=" ">
      <subfield code="a">(DE-101)040214419</subfield>
    </datafield>
    <datafield tag="035" ind1=" " ind2=" ">
      <subfield code="a">(DE-588)4021441-2</subfield>
    </datafield>
    <datafield tag="035" ind1=" " ind2=" ">
      <subfield code="z">(DE-588)1004177-1</subfield>
    </datafield>
    <datafield tag="035" ind1=" " ind2=" ">
      <subfield code="z">(DE-588b)6031134-4</subfield>
    </datafield>
    <datafield tag="035" ind1=" " ind2=" ">
      <subfield code="z">(DE-588b)1004177-1</subfield>
      <subfield code="9">v:zg</subfield>
    </datafield>
    <datafield tag="035" ind1=" " ind2=" ">
      <subfield code="z">(DE-588c)4021441-2</subfield>
      <subfield code="9">v:zg</subfield>
    </datafield>
    <datafield tag="040" ind1=" " ind2=" ">
      <subfield code="a">DE-101</subfield>
      <subfield code="c">DE-101</subfield>
      <subfield code="9">r:DE-101</subfield>
      <subfield code="b">ger</subfield>
      <subfield code="d">1210</subfield>
      <subfield code="e">rda</subfield>
    </datafield>
    <datafield tag="042" ind1=" " ind2=" ">
      <subfield code="a">gnd1</subfield>
    </datafield>
    <datafield tag="043" ind1=" " ind2=" ">
      <subfield code="c">XA-DE-SN</subfield>
    </datafield>
    <datafield tag="075" ind1=" " ind2=" ">
      <subfield code="b">g</subfield>
      <subfield code="2">gndgen</subfield>
    </datafield>
    <datafield tag="075" ind1=" " ind2=" ">
      <subfield code="b">gik</subfield>
      <subfield code="2">gndspec</subfield>
    </datafield>
    <datafield tag="079" ind1=" " ind2=" ">
      <subfield code="a">g</subfield>
      <subfield code="q">f</subfield>
      <subfield code="q">g</subfield>
      <subfield code="q">s</subfield>
      <subfield code="u">w</subfield>
      <subfield code="u">z</subfield>
      <subfield code="u">v</subfield>
      <subfield code="u">o</subfield>
    </datafield>
    <datafield tag="083" ind1="0" ind2="4">
      <subfield code="z">2</subfield>
      <subfield code="a">432145</subfield>
      <subfield code="9">d:3</subfield>
      <subfield code="9">t:2010-07-06</subfield>
      <subfield code="2">22/ger</subfield>
    </datafield>
    <datafield tag="089" ind1="0" ind2="4">
      <subfield code="z">2</subfield>
      <subfield code="a">4321455</subfield>
      <subfield code="9">t:2007-01-01</subfield>
      <subfield code="9">g:2010-07-06</subfield>
      <subfield code="2">22/ger</subfield>
    </datafield>
    <datafield tag="151" ind1=" " ind2=" ">
      <subfield code="a">Görlitz</subfield>
    </datafield>
    <datafield tag="410" ind1="2" ind2=" ">
      <subfield code="a">Görlitz</subfield>
      <subfield code="b">Rat</subfield>
      <subfield code="4">spio</subfield>
      <subfield code="4">https://d-nb.info/standards/elementset/gnd#variantName</subfield>
      <subfield code="w">r</subfield>
      <subfield code="i">Spitzenorgan</subfield>
      <subfield code="e">Spitzenorgan</subfield>
    </datafield>
    <datafield tag="410" ind1="2" ind2=" ">
      <subfield code="a">Görlitz</subfield>
      <subfield code="b">Abteilung für Kultur</subfield>
      <subfield code="4">spio</subfield>
      <subfield code="4">https://d-nb.info/standards/elementset/gnd#variantName</subfield>
      <subfield code="w">r</subfield>
      <subfield code="i">Spitzenorgan</subfield>
      <subfield code="e">Spitzenorgan</subfield>
    </datafield>
    <datafield tag="410" ind1="2" ind2=" ">
      <subfield code="a">Görlitz</subfield>
      <subfield code="b">Stadtverwaltung</subfield>
      <subfield code="4">spio</subfield>
      <subfield code="4">https://d-nb.info/standards/elementset/gnd#variantName</subfield>
      <subfield code="w">r</subfield>
      <subfield code="i">Spitzenorgan</subfield>
      <subfield code="e">Spitzenorgan</subfield>
    </datafield>
    <datafield tag="410" ind1="2" ind2=" ">
      <subfield code="a">Görlitz</subfield>
      <subfield code="b">Stadtverordnetenversammlung</subfield>
      <subfield code="4">spio</subfield>
      <subfield code="4">https://d-nb.info/standards/elementset/gnd#variantName</subfield>
      <subfield code="w">r</subfield>
      <subfield code="i">Spitzenorgan</subfield>
      <subfield code="e">Spitzenorgan</subfield>
    </datafield>
    <datafield tag="410" ind1="2" ind2=" ">
      <subfield code="a">Görlitz</subfield>
      <subfield code="b">Rada Miejska</subfield>
      <subfield code="4">spio</subfield>
      <subfield code="4">https://d-nb.info/standards/elementset/gnd#variantName</subfield>
      <subfield code="w">r</subfield>
      <subfield code="i">Spitzenorgan</subfield>
      <subfield code="e">Spitzenorgan</subfield>
    </datafield>
    <datafield tag="410" ind1="2" ind2=" ">
      <subfield code="a">Görlitz</subfield>
      <subfield code="b">Dział Kultury</subfield>
      <subfield code="4">spio</subfield>
      <subfield code="4">https://d-nb.info/standards/elementset/gnd#variantName</subfield>
      <subfield code="w">r</subfield>
      <subfield code="i">Spitzenorgan</subfield>
      <subfield code="e">Spitzenorgan</subfield>
    </datafield>
    <datafield tag="451" ind1=" " ind2=" ">
      <subfield code="a">Stadt Görlitz</subfield>
    </datafield>
    <datafield tag="451" ind1=" " ind2=" ">
      <subfield code="a">Stadtkreis Görlitz</subfield>
    </datafield>
    <datafield tag="451" ind1=" " ind2=" ">
      <subfield code="a">Goerliti</subfield>
    </datafield>
    <datafield tag="451" ind1=" " ind2=" ">
      <subfield code="a">Zhorjelc</subfield>
    </datafield>
    <datafield tag="451" ind1=" " ind2=" ">
      <subfield code="a">Stadtverwaltung Görlitz</subfield>
    </datafield>
    <datafield tag="451" ind1=" " ind2=" ">
      <subfield code="a">Zgorzelec</subfield>
    </datafield>
    <datafield tag="451" ind1=" " ind2=" ">
      <subfield code="a">Gorlicia Calancorum</subfield>
    </datafield>
    <datafield tag="451" ind1=" " ind2=" ">
      <subfield code="a">Gorlicium</subfield>
    </datafield>
    <datafield tag="551" ind1=" " ind2=" ">
      <subfield code="0">(DE-101)040239578</subfield>
      <subfield code="0">(DE-588)4023957-3</subfield>
      <subfield code="0">https://d-nb.info/gnd/4023957-3</subfield>
      <subfield code="a">Zgorzelec</subfield>
      <subfield code="4">vbal</subfield>
      <subfield code="4">https://d-nb.info/standards/elementset/gnd#relatedTerm</subfield>
      <subfield code="w">r</subfield>
      <subfield code="i">Verwandter Begriff</subfield>
    </datafield>
    <datafield tag="667" ind1=" " ind2=" ">
      <subfield code="a">MMm</subfield>
    </datafield>
    <datafield tag="670" ind1=" " ind2=" ">
      <subfield code="a">Orts-Mü. 29</subfield>
    </datafield>
    <datafield tag="670" ind1=" " ind2=" ">
      <subfield code="a">B 2006 1.</subfield>
    </datafield>
    <datafield tag="670" ind1=" " ind2=" ">
      <subfield code="a">GeoNames</subfield>
    </datafield>
    <datafield tag="670" ind1=" " ind2=" ">
      <subfield code="a">Druckorte des 16. bis 19. Jahrhunderts</subfield>
    </datafield>
    <datafield tag="678" ind1=" " ind2=" ">
      <subfield code="b">Kreisfreie Stadt u. Verwaltungssitz des Niederschlesischen Oberlausitzkreises; Stadt 1210/20 neben 1071 urkundl. erwähnter slaw. Siedlung (Villa Goreliz) gegründet; gegenüber polnische Stadt Zgorzelec, die 1945 aus den östlich der Lausitzer Neiße gelegenen Stadtteilen entstand</subfield>
    </datafield>
    <datafield tag="680" ind1=" " ind2=" ">
      <subfield code="a">Benutzt für die alte Stadt vor der Teilung und die deutsche Stadt</subfield>
    </datafield>
    <datafield tag="913" ind1=" " ind2=" ">
      <subfield code="S">swd</subfield>
      <subfield code="i">g</subfield>
      <subfield code="a">Görlitz</subfield>
      <subfield code="0">(DE-588c)4021441-2</subfield>
    </datafield>
    <datafield tag="913" ind1=" " ind2=" ">
      <subfield code="S">gkd</subfield>
      <subfield code="i">a</subfield>
      <subfield code="a">Görlitz</subfield>
      <subfield code="0">(DE-588b)1004177-1</subfield>
    </datafield>
  </record>
